@MISC{Dornbusch00contagionHow,
    author = {RÃ¼diger Dornbusch and Yung Chul Park and Stijn Claessens},
    title = {Contagion: How it spreads and How it can be stopped? },
    year = {2000}
}
@article{mankiw2007sticky,
    title={Sticky information in general equilibrium},
    author={Mankiw, N Gregory and Reis, Ricardo},
    journal={Journal of the European Economic Association},
    volume={5},
    number={2-3},
    pages={603--613},
    year={2007},
    publisher={Oxford University Press}
}

@book{mackay1850memoirs,
  title={Memoirs of extraordinary popular delusions},
  author={MacKay, Charles},
  volume={1},
  year={1850},
  publisher={Lindsay and Blakiston}
}
@article{acemouglu2013opinion,
    title={Opinion fluctuations and disagreement in social networks},
    author={Acemo{\u{g}}lu, Daron and Como, Giacomo and Fagnani, Fabio and Ozdaglar, Asuman},
    journal={Mathematics of Operations Research},
    volume={38},
    number={1},
    pages={1--27},
    year={2013},
    publisher={Informs}
}
@article{sikder2020minimalistic,
    title={A minimalistic model of bias, polarization and misinformation in social networks},
    author={Sikder, Orowa and Smith, Robert E and Vivo, Pierpaolo and Livan, Giacomo},
    journal={Scientific reports},
    volume={10},
    number={1},
    pages={1--11},
    year={2020},
    publisher={Nature Publishing Group}
}
@article{sims2003implications,
    title={Implications of rational inattention},
    author={Sims, Christopher A},
    journal={Journal of monetary Economics},
    volume={50},
    number={3},
    pages={665--690},
    year={2003},
    publisher={Elsevier}
}